<?xml version="1.0" encoding="UTF-8"?><collection xmlns="http://www.loc.gov/MARC21/slim"><record><leader>00413nam--2200133-i-4500</leader><controlfield tag="001">000033979</controlfield><controlfield tag="002">20161230</controlfield><controlfield tag="005">20161230201039</controlfield><controlfield tag="008">060222s1000------------r-----000-0-eng-d</controlfield><datafield ind1=" " ind2=" " tag="080"><subfield code="a">616-073:621.039.83</subfield></datafield><datafield ind1=" " ind2=" " tag="100"><subfield code="a">Mortagne, Patrick</subfield></datafield><datafield ind1=" " ind2=" " tag="245"><subfield code="a">Methodes d`etude de la ventilation pulmonaire regionale apres inhalation de xenon radioactif. /these</subfield></datafield><datafield ind1=" " ind2=" " tag="260"><subfield code="a">Toulouse, Univ.Paul Sabatier, 1971, 80p</subfield></datafield><datafield ind1=" " ind2=" " tag="852"><subfield code="a">39002</subfield></datafield></record></collection>